@misc{opAmpLimitations,
  author = {{Tutorials Point}},
  title  = {Physical Limitations of Operational Amplifiers},
  url    = {https://www.tutorialspoint.com/physical-limitations-of-operational-amplifiers}
}

@misc{datasheetMCP6242,
  author = {{Microchip}},
  title  = {MCP6241/1R/1U/2/4},
  url    = {https://www.tutorialspoint.com/physical-limitations-of-operational-amplifiers}
}

@misc{opAmpConfigurations,
  author = {{WikiBooks}},
  title  = {Op Amp Configurations},
  url    = {https://ww1.microchip.com/downloads/aemDocuments/documents/OTH/ProductDocuments/DataSheets/21882d.pdf},
  date   = {2008}
}

@misc{opAmpSecondOrderFilters,
  author = {{ElectronicsTutorials}},
  title  = {Second Order Filters},
  url    = {https://www.electronics-tutorials.ws/filter/second-order-filters.html}
}


@misc{currentSenseMethods,
  author = {{HiokiUSA}},
  title  = {6 Current Sensing Methods},
  url    = {https://hiokiusa.com/6-current-sensing-methods/}
}

@misc{currentSenseLowHighSide,
  author = {{AllAboutCircuits}},
  title  = {Low Side vs High Side Sensing},
  url    = {https://www.allaboutcircuits.com/technical-articles/resistive-current-sensing-low-side-versus-high-side-sensing/}
}