@misc{WebsiteOpAmpLimitations,
  author = {{Tutorials Point}},
  title  = {Physical Limitations of Operational Amplifiers},
  url    = {https://www.tutorialspoint.com/physical-limitations-of-operational-amplifiers}
}

@misc{WebsiteOpMCP6242,
  author = {{Microchip}},
  title  = {MCP6241/1R/1U/2/4},
  url    = {https://www.tutorialspoint.com/physical-limitations-of-operational-amplifiers}
}

@misc{WebsiteOpAmpConfigurations,
  author = {{WikiBooks}},
  title  = {Op Amp Configurations},
  url    = {https://ww1.microchip.com/downloads/aemDocuments/documents/OTH/ProductDocuments/DataSheets/21882d.pdf},
  date   = {2008}
}

@misc{WebsiteOpAmpFilter,
  author = {{ElectronicsTutorials}},
  title  = {Second Order Filters},
  url    = {https://www.electronics-tutorials.ws/filter/second-order-filters.html}
}